<?xml version="1.0" encoding="utf-8"?>
<record xmlns="http://www.loc.gov/MARC21/slim" xmlns:xsi="http://www.w3.org/2001/XMLSchema-instance" xsi:schemaLocation="http://www.loc.gov/MARC21/slim http://www.loc.gov/standards/marcxml/schema/MARC21slim.xsd">
	<leader>     nam a22     Mi 4500</leader>
	<controlfield tag="001">291374</controlfield>
	<controlfield tag="003">NjP</controlfield>
	<controlfield tag="006">m        d        </controlfield>
	<controlfield tag="007">cr cn |||m|||a</controlfield>
	<controlfield tag="008">200430m19509999lb      o     001 0 arar </controlfield>
	<datafield ind1=" " ind2=" " tag="040">
		<subfield code="a">ZYU</subfield>
		<subfield code="b">ara</subfield>
		<subfield code="e">rda</subfield>
		<subfield code="c">ZYU</subfield>
	</datafield>
	<datafield ind1="0" ind2="0" tag="050">
		<subfield code="a">PJ7521</subfield>
		<subfield code="b">.D3</subfield>
	</datafield>
	<datafield ind1="1" ind2=" " tag="100">
		<subfield code="6">880-01</subfield>
		<subfield code="a">Dāghir, Yūsuf Asʻad.</subfield>
	</datafield>
	<datafield ind1="1" ind2="0" tag="245">
		<subfield code="6">880-02</subfield>
		<subfield code="a">Maṣādir al-dirāsāt al-adabīyah :</subfield>
		<subfield code="b">wafqān li-manāhij al-taʻlīm al-rasmīyah : Lubnān, Sūriyā, al-ʻIrāq, Miṣr /</subfield>
		<subfield code="c">Taʼlīf Yūsuf Asʻad Dāghir.</subfield>
	</datafield>
	<datafield ind1=" " ind2=" " tag="260">
		<subfield code="6">880-03</subfield>
		<subfield code="a">Sayḍā, Lubnān :</subfield>
		<subfield code="b">Maṭbaʻat Dayr al-Mukhliṣ,</subfield>
		<subfield code="c">[1950]-&lt;1983&gt;</subfield>
	</datafield>
	<datafield ind1=" " ind2=" " tag="300">
		<subfield code="a">online resource (4 volumes in 6.)</subfield>
	</datafield>
	<datafield ind1=" " ind2=" " tag="336">
		<subfield code="a">text</subfield>
		<subfield code="2">rdacontent</subfield>
	</datafield>
	<datafield ind1=" " ind2=" " tag="337">
		<subfield code="a">computer</subfield>
		<subfield code="2">rdamedia</subfield>
	</datafield>
	<datafield ind1=" " ind2=" " tag="338">
		<subfield code="a">online resource</subfield>
		<subfield code="2">rdacarrier</subfield>
	</datafield>
	<datafield ind1="1" ind2=" " tag="490">
		<subfield code="6">880-04</subfield>
		<subfield code="a">Manshūrāt al-Jāmiʻah al-Lubnānīyah. Qism al-Dirāsāt al-Adabīyah ;</subfield>
		<subfield code="v">7</subfield>
	</datafield>
	<datafield ind1=" " ind2=" " tag="500">
		<subfield code="a">Vol. 1 has cover title: Éléments de bio-bibliographie de la littérature arabe, conforme aux programmes officiels de l'enseignement: Liban, Syrie, Iraq, Égypte; v. 3, cover title: Éléments de bio-bibliographie de la litlérature arabe moderne.</subfield>
	</datafield>
	<datafield ind1=" " ind2=" " tag="500">
		<subfield code="a">Vol. 3 has series statement: Manshūrāt al-Jāmiʻah al-Lubnānīyah, Qism al-Dirāsāt al-Adabīyah.</subfield>
	</datafield>
	<datafield ind1=" " ind2=" " tag="500">
		<subfield code="a">Vol. 2 was not completed; cf. v. 3, pt. 1, author's pref., p. 15.</subfield>
	</datafield>
	<datafield ind1=" " ind2=" " tag="500">
		<subfield code="a">Includes indexes.</subfield>
	</datafield>
	<datafield ind1=" " ind2=" " tag="500">
		<subfield code="a">Part of the Arabic Collections Online (ACO) project, contributed by Princeton University Libraries.</subfield>
	</datafield>
	<datafield ind1="1" ind2=" " tag="505">
		<subfield code="a">juzʼ1. Min al-ʻaṣr al-Jāhilī ilá ʻaṣr al-nahḍah (2 v. )--juzʼ 2., qism 1. al-Rāḥilūn, 1800-1955 -- juzʼ 3. al-Rāḥilūn, 1800-1972 -- qism 1. Arslān -- al-ʻAẓm -- qism 2. al-ʻAqqād -- Yanī (2 v. ).</subfield>
	</datafield>
	<datafield ind1=" " ind2=" " tag="533">
		<subfield code="a">Electronic reproduction.</subfield>
		<subfield code="b">New York, N.Y. :</subfield>
		<subfield code="c">New York University,</subfield>
		<subfield code="d">2020.</subfield>
		<subfield code="5">NNU</subfield>
	</datafield>
	<datafield ind1=" " ind2="0" tag="650">
		<subfield code="a">Arabic literature</subfield>
		<subfield code="v">Bio-bibliography.</subfield>
	</datafield>
	<datafield ind1=" " ind2="7" tag="650">
		<subfield code="a">Arabic literature.</subfield>
		<subfield code="2">fast</subfield>
		<subfield code="0">(OCoLC)fst00812478</subfield>
	</datafield>
	<datafield ind1=" " ind2="7" tag="655">
		<subfield code="a">Bio-bibliography.</subfield>
		<subfield code="2">fast</subfield>
		<subfield code="0">(OCoLC)fst01423685</subfield>
	</datafield>
	<datafield ind1="2" ind2=" " tag="710">
		<subfield code="a">Princeton University.</subfield>
		<subfield code="b">Library.</subfield>
	</datafield>
	<datafield ind1="0" ind2=" " tag="730">
		<subfield code="a">Arabic Collections Online.</subfield>
	</datafield>
	<datafield ind1="0" ind2=" " tag="740">
		<subfield code="a">Éléments de bio-bibliographie de la littérature arabe, conforme aux programmes officiels de l'enseignement.</subfield>
	</datafield>
	<datafield ind1="0" ind2="8" tag="776">
		<subfield code="i">Print version:</subfield>
		<subfield code="a">Dāghir, Yūsuf Asʻad.</subfield>
		<subfield code="t">Maṣādir al-dirāsāt al-adabīyah</subfield>
		<subfield code="w">(NjP)291374</subfield>
		<subfield code="w">(DLC)   59034985 </subfield>
		<subfield code="w">(OCoLC)19810110</subfield>
	</datafield>
	<datafield ind1=" " ind2="0" tag="830">
		<subfield code="6">880-05</subfield>
		<subfield code="a">Manshūrāt Jāmiʻat al-Lubnānīyah. Qism al-Dirāsāt al-Adabīyah ;</subfield>
		<subfield code="v">7.</subfield>
	</datafield>
	<datafield ind1="4" ind2="0" tag="856">
		<subfield code="u">http://hdl.handle.net/2333.1/2fqz69pq</subfield>
	</datafield>
	<datafield ind1="1" ind2=" " tag="880">
		<subfield code="6">100-01</subfield>
		<subfield code="a">داغر، يوسف اسعد.</subfield>
	</datafield>
	<datafield ind1="1" ind2="0" tag="880">
		<subfield code="6">245-02</subfield>
		<subfield code="a">مصادر الدراسات الأدبية :</subfield>
		<subfield code="b">وفقا لمناهج التعليم الرسمية : لبنان، سوريا، العراق، مصر /</subfield>
		<subfield code="c">تأليف يوسف اسعد داغر.</subfield>
	</datafield>
	<datafield ind1=" " ind2=" " tag="880">
		<subfield code="6">260-03</subfield>
		<subfield code="a">صيدا، لبنان :</subfield>
		<subfield code="b">مطبعة دير المخلص،</subfield>
		<subfield code="c">[١٩٥٠]-١٩٨٣.</subfield>
	</datafield>
	<datafield ind1="1" ind2=" " tag="880">
		<subfield code="6">490-04</subfield>
		<subfield code="a">منشورات الجامعة اللبنانية. قسم الدراسات الأدبية ؛</subfield>
		<subfield code="v">٧</subfield>
	</datafield>
	<datafield ind1=" " ind2="0" tag="880">
		<subfield code="6">830-05</subfield>
		<subfield code="a">منشورات الجامعة اللبنانية.</subfield>
		<subfield code="p">قسم الدراسات الأدبية ؛ </subfield>
		<subfield code="v">٧.</subfield>
	</datafield>
	<datafield ind1=" " ind2=" " tag="959">
		<subfield code="a">NNU</subfield>
		<subfield code="b">WEB</subfield>
		<subfield code="c">GENI</subfield>
		<subfield code="t">0</subfield>
		<subfield code="m">Electronic access</subfield>
		<subfield code="s">01</subfield>
	</datafield>
	<datafield ind1=" " ind2=" " tag="999">
		<subfield code="i">NjP_291374</subfield>
		<subfield code="o">(OCoLC)ocm19810110</subfield>
		<subfield code="s">princeton_aco002815:Juz 1</subfield>
		<subfield code="s">princeton_aco004004:Juz 2</subfield>
		<subfield code="e">(ERROR-880)</subfield>
		<subfield code="s">princeton_aco002815:Juz 1</subfield>
		<subfield code="s">princeton_aco004004:Juz 2</subfield>
	</datafield>
</record>
